<?xml version="1.0" encoding="UTF-8"?><collection xmlns="http://www.loc.gov/MARC21/slim"><record><leader>00501nam--2200181-i-4500</leader><controlfield tag="001">000004022</controlfield><controlfield tag="002">20161230</controlfield><controlfield tag="005">20161230201025</controlfield><controlfield tag="008">060222s1000------------r-----000-0-rus-d</controlfield><datafield ind1=" " ind2=" " tag="040"><subfield code="a">IFIN-HH</subfield></datafield><datafield ind1=" " ind2=" " tag="041"><subfield code="a">rus</subfield></datafield><datafield ind1=" " ind2=" " tag="080"><subfield code="a">539.4.016:669.017.11:621.785</subfield></datafield><datafield ind1="1" ind2=" " tag="110"><subfield code="a">Uralskii Politehniceskii Institut</subfield></datafield><datafield ind1="1" ind2="0" tag="245"><subfield code="a">Termiceskaia obrabotka i fizika metallov</subfield></datafield><datafield ind1=" " ind2=" " tag="260"><subfield code="a">Sverdlovsk</subfield><subfield code="b">Uralskii Politehniceskii Institut</subfield><subfield code="c">1981</subfield></datafield><datafield ind1=" " ind2=" " tag="300"><subfield code="a">152P</subfield></datafield><datafield ind1=" " ind2=" " tag="852"><subfield code="a">71658</subfield><subfield code="c">539.4</subfield></datafield><datafield ind1=" " ind2=" " tag="CAT"><subfield code="a">Sys</subfield><subfield code="c">20130129</subfield><subfield code="h">165350</subfield></datafield></record></collection>